@book{stats,
    author = "D.C. Sanchetti and V.K. Kapoor",
    title = "Statistics (Theory, Methods and Applications)",
    year = "2010",
    publisher = "Sultan Chand and Sons",
    address   = "New Delhi, India"
}
 
@book{dantzig,
    author    = "George B. Dantzig and Mukund N. Thapa",
    title     = "Linear Programming 1: Introduction",
    year      = "1997",
    publisher = "Springer-Verlag",
    address   = "Berlin, Heidelberg"
}
@book{dantzig2,
    author    = "George B. Dantzig and Mukund N. Thapa",
    title     = "Linear Programming 2: Theory and Extensions",
    year      = "2003",
    publisher = "Springer-Verlag",
    address   = "Berlin, Heidelberg"
}
@book{fuz,
    author    = "Kwang H. Lee",
    title     = "First Course on Fuzzy Set Theory and Applications",
    year      = "2005",
    publisher = "Springer-Verlag",
    address   = "Berlin, Heidelberg"
}
@book{schrijver2,
	author = {Schrijver, Alexander},
	title = {A Course in Combinatorial Optimization},
	year = {2017},
}
@article{schrijver,
	author = {Schrijver, Alexander},
	year = {2001},
	month = {08},
	pages = {},
	title = {On the History of Combinatorial Optimization (Till 1960)},
	volume = {12},
	journal = {Handbooks in Operations Research and Management Science},
	doi = {10.1016/S0927-0507(05)12001-5}
}
@article{arjang,
	author = {Arjang, A. Assad and Saul, I. Gass},
	year = {2011},
	pages = {892},
	title = {Profiles in Operations Research - Pioneers and Innovators},
	volume = {147},
	journal = {nternational Series in Operations Research \& Management Science},
	doi = {DOI 10.1007/978-1-4419-6281-2}
}
@misc{itc2019,
    author    = "ITC",
    title     = "https://www.itc2019.org/home",
    url       = "https://www.itc2019.org/home",
	year = "2019"
}
